@article{smittenaar2016cancer,
  title={{Cancer incidence and mortality projections in the UK until 2035}},
  author={Smittenaar, CR and Petersen, KA and Stewart, K and Moitt, N},
  journal={British Journal of Cancer},
  volume={115},
  number={9},
  pages={1147},
  year={2016},
  publisher={Nature Publishing Group}
}
@article{mayo,
title = {https://www.mayoclinic.org/diseases-conditions/lung-cancer/expert-answers/lung-nodules/faq-20058445}
}
@article{awai2004pulmonary,
  title={{Pulmonary nodules at chest CT: effect of computer-aided diagnosis on radiologistsâ€™ detection performance}},
  author={Awai, Kazuo and Murao, Kohei and Ozawa, Akio and Komi, Masanori and Hayakawa, Haruo and Hori, Shinichi and Nishimura, Yasumasa},
  journal={Radiology},
  volume={230},
  number={2},
  pages={347--352},
  year={2004},
  publisher={Radiological Society of North America}
}
@article{caroline2014lung,
  title={{Lung cancer screening with low dose CT}},
  author={Caroline, Chiles},
  journal={Radiologic Clinics of North America},
  volume={52},
  number={1},
  pages={27},
  year={2014},
  publisher={NIH Public Access}
}
@article{mcnitt2007lung,
  title={{The Lung Image Database Consortium (LIDC) data collection process for nodule detection and annotation}},
  author={McNitt-Gray, Michael F and Armato III, Samuel G and Meyer, Charles R and Reeves, Anthony P and McLennan, Geoffrey and Pais, Richie C and Freymann, John and Brown, Matthew S and Engelmann, Roger M and Bland, Peyton H and others},
  journal={Academic Radiology},
  volume={14},
  number={12},
  pages={1464--1474},
  year={2007},
  publisher={Elsevier}
}
@misc{kaggle,
  title = {{Data Science Bowl 2017}},
  author = {{Kaggle Inc}},
  howpublished={\url{https://www.kaggle.com/c/data-science-bowl-2017/}},
  year = {2017, accessed: 09/02/2019}}
@article{armato2011lung,
  title={{The lung image database consortium (LIDC) and image database resource initiative (IDRI): A completed reference database of lung nodules on CT scans}},
  author={Armato III, Samuel G and McLennan, Geoffrey and Bidaut, Luc and McNitt-Gray, Michael F and Meyer, Charles R and Reeves, Anthony P and Zhao, Binsheng and Aberle, Denise R and Henschke, Claudia I and Hoffman, Eric A and others},
  journal={Medical Physics},
  volume={38},
  number={2},
  pages={915--931},
  year={2011},
  publisher={Wiley Online Library}
}
@misc{hammack,
  author ={Daniel Hammack},
  title={{2017 Data Science Bowl, Predicting Lung Cancer: 2nd Place Solution Write-up, Daniel Hammack and Julian de Wit, http://blog.kaggle.com/2017/06/29/2017-data-science-bowl-predicting-lung-cancer-2nd-place-solution-write-up-daniel-hammack-and-julian-de-wit/}},
  year = {2017, accessed: 09/02/2019}}
@misc{dewit,
  author = {Julian de Wit},
  title= {2nd place solution for the 2017 national datascience bowl},
  howpublished={\url{http://juliandewit.github.io/kaggle-ndsb2017/}},
  year = {2017, accessed: 09/02/2019}
}
@misc{deepbreath,
  author = {Elias Vansteenkiste},
  title = {{Predicting lung cancer}},
  howpublished={\url{https://eliasvansteenkiste.github.io/machine\%20learning/lung-cancer-pred/}},
  year = {2017, accessed: 09/02/2019}}
@inproceedings{opfer2007performance,
  title={{Performance analysis for computer-aided lung nodule detection on LIDC data}},
  author={Opfer, Roland and Wiemker, Rafael},
  booktitle={Medical Imaging 2007: Image Perception, Observer Performance, and Technology Assessment},
  volume={6515},
  pages={65151C},
  year={2007},
  organization={International Society for Optics and Photonics}
}
@article{causey2018highly,
  title={{Highly accurate model for prediction of lung nodule malignancy with CT scans}},
  author={Causey, Jason L and Zhang, Junyu and Ma, Shiqian and Jiang, Bo and Qualls, Jake A and Politte, David G and Prior, Fred and Zhang, Shuzhong and Huang, Xiuzhen},
  journal={Scientific Reports},
  volume={8},
  number={1},
  pages={9286},
  year={2018},
  publisher={Nature Publishing Group}
}
@article{kuan2017deep,
  title={{Deep Learning for Lung Cancer Detection: Tackling the Kaggle Data Science Bowl 2017 Challenge}},
  author={Kuan, Kingsley and Ravaut, Mathieu and Manek, Gaurav and Chen, Huiling and Lin, Jie and Nazir, Babar and Chen, Cen and Howe, Tse Chiang and Zeng, Zeng and Chandrasekhar, Vijay},
  journal={arXiv preprint arXiv:1705.09435},
  year={2017}
}
@article{song2017using,
  title={{Using deep learning for classification of lung nodules on computed tomography images}},
  author={Song, QingZeng and Zhao, Lei and Luo, XingKe and Dou, XueChen},
  journal={Journal of healthcare engineering},
  volume={2017},
  year={2017},
  publisher={Hindawi}
}
@article{jacobs2016computer,
  title={{Computer-aided detection of pulmonary nodules: a comparative study using the public LIDC/IDRI database}},
  author={Jacobs, Colin and van Rikxoort, Eva M and Murphy, Keelin and Prokop, Mathias and Schaefer-Prokop, Cornelia M and van Ginneken, Bram},
  journal={European radiology},
  volume={26},
  number={7},
  pages={2139--2147},
  year={2016},
  publisher={Springer}
}
@article{serj2018deep,
  title={{A Deep Convolutional Neural Network for Lung Cancer Diagnostic}},
  author={Serj, Mehdi Fatan and Lavi, Bahram and Hoff, Gabriela and Valls, Domenec Puig},
  journal={arXiv preprint arXiv:1804.08170},
  year={2018}
}

@article{liao2017evaluate,
  title={{Evaluate the Malignancy of Pulmonary Nodules Using the 3D Deep Leaky Noisy-or Network}},
  author={Liao, Fangzhou and Liang, Ming and Li, Zhe and Hu, Xiaolin and Song, Sen},
  journal={arXiv preprint arXiv:1711.08324},
  year={2017}
}

@inproceedings{ren2015faster,
  title={{Faster R-CNN: Towards Real-Time Object Detection with Region Proposal Networks}},
  author={Ren, Shaoqing and He, Kaiming and Girshick, Ross and Sun, Jian},
  booktitle={Advances in Neural Information Processing Systems},
  pages={91--99},
  year={2015}
}
@inproceedings{arora2017provable,
  title={{Provable learning of noisy-or networks}},
  author={Arora, Sanjeev and Ge, Rong and Ma, Tengyu and Risteski, Andrej},
  booktitle={Proceedings of the 49th Annual ACM SIGACT Symposium on Theory of Computing},
  pages={1057--1066},
  year={2017},
  organization={ACM Press}
}
@book{bishop2006pattern,
  title={Pattern Recognition and Machine Learning},
  author={Bishop, C.M.},
  isbn={9780387310732},
  lccn={2006922522},
  series={Information Science and Statistics},
  url={https://books.google.co.uk/books?id=kTNoQgAACAAJ},
  year={2006},
  publisher={Springer}
}
@book{murphy2012machine,
  title={Machine Learning: A Probabilistic Perspective},
  author={Murphy, K.P. and Bach, F.},
  isbn={9780262018029},
  lccn={2012004558},
  series={Adaptive Computation and Machine Learning series},
  url={https://books.google.co.uk/books?id=NZP6AQAAQBAJ},
  year={2012},
  publisher={MIT Press}
}
@inproceedings{hamidian20173d,
  title={{3D convolutional neural network for automatic detection of lung nodules in chest CT}},
  author={Hamidian, Sardar and Sahiner, Berkman and Petrick, Nicholas and Pezeshk, Aria},
  booktitle={Medical Imaging 2017: Computer-Aided Diagnosis},
  volume={10134},
  pages={1013409},
  year={2017},
  organization={International Society for Optics and Photonics}
}
@inproceedings{wang2018automated,
  title={{Automated pulmonary nodule detection: High sensitivity with few candidates}},
  author={Wang, Bin and Qi, Guojun and Tang, Sheng and Zhang, Liheng and Deng, Lixi and Zhang, Yongdong},
  booktitle={International Conference on Medical Image Computing and Computer-Assisted Intervention},
  pages={759--767},
  year={2018},
  organization={Springer}
}
@inproceedings{wang2018deep,
  title={{Deep Active Self-paced Learning for Accurate Pulmonary Nodule Segmentation}},
  author={Wang, Wenzhe and Lu, Yifei and Wu, Bian and Chen, Tingting and Chen, Danny Z and Wu, Jian},
  booktitle={International Conference on Medical Image Computing and Computer-Assisted Intervention},
  pages={723--731},
  year={2018},
  organization={Springer}
}
@article{gonccalves2016hessian,
  title={{Hessian based approaches for 3D lung nodule segmentation}},
  author={Gon{\c{c}}alves, Luis and Novo, J and Campilho, Aur{\'e}lio},
  journal={Expert Systems with Applications},
  volume={61},
  pages={1--15},
  year={2016},
  publisher={Elsevier}
}
@misc{top10,
author = {{Booz Allen Hamilton Inc.}},
title= {{Check out the top placing algorithms from the 2017 DSB}},
howpublished={\url{https://datasciencebowl.com/2017algorithms/}},
year = {2017, accessed: 09/01/2019}
}
@misc{Hammack2,
author={Daniel Hammack},
title = {{Forecasting Lung Cancer Diagnoses with Deep Learning}},
howpublished={\url{https://github.com/dhammack/DSB2017/blob/master/dsb\_2017\_daniel\_hammack.pdf}},
year = {2017, accessed: 09/01/2019}
}
@misc{luna,
author={{Grand-Challenges}},
title = {{LUng Nodule Analysis 2016}},
howpublished={\url{https://luna16.grand-challenge.org/}},
year = {2016, accessed: 09/01/2019}
}
@article {Jordan255,
	author = {Jordan, M. I. and Mitchell, T. M.},
	title = {Machine learning: Trends, perspectives, and prospects},
	volume = {349},
	number = {6245},
	pages = {255--260},
	year = {2015},
	doi = {10.1126/science.aaa8415},
	publisher = {American Association for the Advancement of Science},
	issn = {0036-8075},
	URL = {http://science.sciencemag.org/content/349/6245/255},
	eprint = {http://science.sciencemag.org/content/349/6245/255.full.pdf},
	journal = {Science}
}

@inproceedings{ahmad2018interpretable,
  title={Interpretable Machine Learning in Healthcare},
  author={Ahmad, Muhammad Aurangzeb and Eckert, Carly and Teredesai, Ankur},
  booktitle={Proceedings of the 2018 ACM International Conference on Bioinformatics, Computational Biology, and Health Informatics},
  pages={559--560},
  year={2018},
  organization={ACM Press}
}
@article{schreuder2018classification,
  title={{Classification of CT pulmonary opacities as perifissural nodules: reader variability}},
  author={Schreuder, Anton and van Ginneken, Bram and Scholten, Ernst T and Jacobs, Colin and Prokop, Mathias and Sverzellati, Nicola and Desai, Sujal R and Devaraj, Anand and Schaefer-Prokop, Cornelia M},
  journal={Radiology},
  volume={288},
  number={3},
  pages={867--875},
  year={2018},
  publisher={Radiological Society of North America}
}
@article{miotto2017deep,
  title={Deep learning for healthcare: review, opportunities and challenges},
  author={Miotto, Riccardo and Wang, Fei and Wang, Shuang and Jiang, Xiaoqian and Dudley, Joel T},
  journal={Briefings in Bioinformatics},
  volume={19},
  number={6},
  pages={1236--1246},
  year={2017},
  publisher={Oxford University Press}
}
@article{bakator2018deep,
  title={Deep learning and medical diagnosis: A review of literature},
  author={Bakator, Mihalj and Radosav, Dragica},
  journal={Multimodal Technologies and Interaction},
  volume={2},
  number={3},
  pages={47},
  year={2018},
  publisher={Multidisciplinary Digital Publishing Institute}
}

@misc{aidence,
author={Aidence},
title = {{Meet Veye Chest. Your automated pulmonary nodule management assistant}},
howpublished={\url{https://aidence.com/our-solution}},
year = {2018, accessed: 09/02/2019}
}
@misc{veolity,
author={{Veolity \--- a brand of MeVis Medical Solutions AG}},
title = {Veolity \--- the workstation for your lung screening program},
howpublished={\url{https://www.veolity.com/about-veolity/product-information/}},
year = {2019, accessed: 09/02/2019}
}
@misc{vital,
author={{Vital Images}},
title = {{CT Lung Screening}},
howpublished={\url{http://www.vitalimages.com/product-information/ct-lung-screening/}},
year = {2019, accessed: 09/02/2019}
}
@misc{nuance,
author={{Nuance Communications}},
title = {{AI Marketplace for Diagnostic Imaging}},
howpublished={\url{https://www.nuance.com/healthcare/diagnostics-solutions/ai-marketplace.html}},
year = {2019, accessed: 09/02/2019}
}

@inproceedings{gilad2016cryptonets,
  title={Cryptonets: Applying neural networks to encrypted data with high throughput and accuracy},
  author={Gilad-Bachrach, Ran and Dowlin, Nathan and Laine, Kim and Lauter, Kristin and Naehrig, Michael and Wernsing, John},
  booktitle={International Conference on Machine Learning},
  pages={201--210},
  year={2016}
}
@book{goodfellow2016deep,
  title={Deep Learning},
  author={Goodfellow, Ian and Bengio, Yoshua and Courville, Aaron},
  year={2016},
  publisher={MIT Press}
}
@inproceedings{ribeiro2016should,
  title={{Why should I trust you?: Explaining the predictions of any classifier}},
  author={Ribeiro, Marco Tulio and Singh, Sameer and Guestrin, Carlos},
  booktitle={Proceedings of the 22nd ACM SIGKDD International Conference on Knowledge Discovery and Data Mining},
  pages={1135--1144},
  year={2016},
  organization={ACM Press}
}
@article{vstrumbelj2014explaining,
  title={Explaining prediction models and individual predictions with feature contributions},
  author={{\v{S}}trumbelj, Erik and Kononenko, Igor},
  journal={Knowledge and Information Systems},
  volume={41},
  number={3},
  pages={647--665},
  year={2014},
  publisher={Springer}
}
@misc{lectures,
author={Pier Palamara},
title = {{Statistical Machine Learning}},
howpublished={\url{http://www.stats.ox.ac.uk/~palamara/teaching/SML19/SML19.htmll}},
year = {2019, accessed: 09/03/2019}
}
@article{litjens2017survey,
  title={A survey on deep learning in medical image analysis},
  author={Litjens, Geert and Kooi, Thijs and Bejnordi, Babak Ehteshami and Setio, Arnaud Arindra Adiyoso and Ciompi, Francesco and Ghafoorian, Mohsen and Van Der Laak, Jeroen Awm and Van Ginneken, Bram and S{\'a}nchez, Clara I},
  journal={Medical Image Analysis},
  volume={42},
  pages={60--88},
  year={2017},
  publisher={Elsevier}
}
@article{ciompi2017towards,
  title={Towards automatic pulmonary nodule management in lung cancer screening with deep learning},
  author={Ciompi, Francesco and Chung, Kaman and Van Riel, Sarah J and Setio, Arnaud Arindra Adiyoso and Gerke, Paul K and Jacobs, Colin and Scholten, Ernst Th and Schaefer-Prokop, Cornelia and Wille, Mathilde MW and Marchiano, Alfonso and others},
  journal={Scientific Reports},
  volume={7},
  pages={46479},
  year={2017},
  publisher={Nature Publishing Group}
}

@misc{CancerUK,
author={{Cancer Research UK}},
title = {{Cancer Statistics for the UK}},
howpublished={\url{https://www.cancerresearchuk.org/health-professional/cancer-statistics-for-the-uk}},
year = {2019, accessed: 09/02/2019}
}
@article{perandini2016distribution,
  title={{Distribution of solid solitary pulmonary nodules within the lungs on computed tomography: A review of 208 consecutive lesions of biopsy-proven nature}},
  author={Perandini, Simone and Soardi, Gianalberto and Motton, Massimiliano and Oliboni, Eugenio and Zantedeschi, Lisa and Montemezzi, Stefania},
  journal={Polish Journal of Radiology},
  volume={81},
  pages={146},
  year={2016},
  publisher={Termedia Publishing}
}
@inproceedings{wong2016understanding,
  title={Understanding data augmentation for classification: when to warp?},
  author={Wong, Sebastien C and Gatt, Adam and Stamatescu, Victor and McDonnell, Mark D},
  booktitle={2016 International Conference on Digital Image Computing: Techniques and Applications (DICTA)},
  pages={1--6},
  year={2016},
  organization={IEEE}
}
@inproceedings{ronneberger2015u,
  title={{U-net: Convolutional networks for biomedical image segmentation}},
  author={Ronneberger, Olaf and Fischer, Philipp and Brox, Thomas},
  booktitle={International Conference on Medical Image Computing and Computer-Assisted Intervention},
  pages={234--241},
  year={2015},
  organization={Springer}
}
@inproceedings{he2016deep,
  title={Deep residual learning for image recognition},
  author={He, Kaiming and Zhang, Xiangyu and Ren, Shaoqing and Sun, Jian},
  booktitle={Proceedings of the IEEE Conference on Computer Vision and Pattern Recognition},
  pages={770--778},
  year={2016}
}
@inproceedings{jia2014caffe,
  title={{Caffe: Convolutional architecture for fast feature embedding}},
  author={Jia, Yangqing and Shelhamer, Evan and Donahue, Jeff and Karayev, Sergey and Long, Jonathan and Girshick, Ross and Guadarrama, Sergio and Darrell, Trevor},
  booktitle={Proceedings of the 22nd ACM International Conference on Multimedia},
  pages={675--678},
  year={2014},
  organization={ACM Press}
}